<?xml version="1.0" encoding="UTF-8"?>
<OAI-PMH xmlns="http://www.openarchives.org/OAI/2.0/" xmlns:xsi="http://www.w3.org/2001/XMLSchema-instance" xsi:schemaLocation="http://www.openarchives.org/OAI/2.0/                                       http://www.openarchives.org/OAI/2.0/OAI-PMH.xsd                        http://www.extensiblecatalog.org/xsd/mst/1.0                                       http://www.extensiblecatalog.org/doc/MST/xsd/mst.xsd">
  <responseDate>2011-03-30T11:21:11Z</responseDate>
  <request verb="ListRecords" metadataPrefix="marc21">http://localhost:8080/MetadataServicesToolkit/st/marcnormalization/oaiRepository.action</request>
  <ListRecords>
    <record>
      <header>
        <identifier>oai:mst.rochester.edu:marcnormalization/010</identifier>
        <datestamp>2011-03-30T15:04:46Z</datestamp>
      </header>
      <metadata>
        <marc:record xmlns:marc="http://www.loc.gov/MARC21/slim" xmlns:xsi="http://www.w3.org/2001/XMLSchema-instance" xsi:schemaLocation="http://www.loc.gov/MARC21/slim http://128.151.244.137:8080/OAIToolkit/schema/MARC21slim_custom.xsd">
          <marc:leader>01094nam a22003250  4500</marc:leader>
          <marc:controlfield tag="001">75</marc:controlfield>
          <marc:controlfield tag="003">NRU</marc:controlfield>
          <marc:controlfield tag="005">19950701000000.0</marc:controlfield>
          <marc:controlfield tag="008">720728s1972    nyua     b    001 0 eng  </marc:controlfield>
          <marc:datafield ind1=" " ind2=" " tag="010">
          <marc:subfield code="a">   78075014 </marc:subfield>
          </marc:datafield>
          <marc:datafield ind1=" " ind2=" " tag="020">
          <marc:subfield code="a">087068096X</marc:subfield>
          </marc:datafield>
          <marc:datafield ind1=" " ind2=" " tag="035">
          <marc:subfield code="a">(OCoLC)403152</marc:subfield>
          </marc:datafield>
          <marc:datafield ind1=" " ind2=" " tag="035">
          <marc:subfield code="9">00004146</marc:subfield>
          </marc:datafield>
          <marc:datafield ind1=" " ind2=" " tag="040">
          <marc:subfield code="a">DLC</marc:subfield>
          <marc:subfield code="c">DLC</marc:subfield>
          <marc:subfield code="d">RRR</marc:subfield>
          </marc:datafield>
          <marc:datafield ind1="0" ind2=" " tag="041">
          <marc:subfield code="a">engheb</marc:subfield>
          </marc:datafield>
          <marc:datafield ind1=" " ind2=" " tag="049">
          <marc:subfield code="a">RRRR</marc:subfield>
          </marc:datafield>
          <marc:datafield ind1="0" ind2=" " tag="050">
          <marc:subfield code="a">BS1197</marc:subfield>
          <marc:subfield code="b">.O74</marc:subfield>
          </marc:datafield>
          <marc:datafield ind1=" " ind2=" " tag="099">
          <marc:subfield code="a">BS1197 .O74</marc:subfield>
          </marc:datafield>
          <marc:datafield ind1="1" ind2=" " tag="100">
          <marc:subfield code="a">Orlinsky, Harry Meyer,</marc:subfield>
          <marc:subfield code="d">1908-</marc:subfield>
          <marc:subfield code="4">aut</marc:subfield>
          </marc:datafield>
          <marc:datafield ind1="1" ind2="0" tag="245">
          <marc:subfield code="a">Understanding the Bible through history and archaeology</marc:subfield>
          <marc:subfield code="c">[by] Harry M. Orlinsky.</marc:subfield>
          </marc:datafield>
          <marc:datafield ind1=" " ind2=" " tag="260">
          <marc:subfield code="a">New York,</marc:subfield>
          <marc:subfield code="b">Ktav Pub. House</marc:subfield>
          <marc:subfield code="c">[1972]</marc:subfield>
          </marc:datafield>
          <marc:datafield ind1=" " ind2=" " tag="300">
          <marc:subfield code="a">ix, 292 p.</marc:subfield>
          <marc:subfield code="b">illus.</marc:subfield>
          <marc:subfield code="c">29 cm.</marc:subfield>
          </marc:datafield>
          <marc:datafield ind1=" " ind2=" " tag="500">
          <marc:subfield code="a">Based on the author's Ancient Israel, first published in 1954.</marc:subfield>
          </marc:datafield>
          <marc:datafield ind1=" " ind2=" " tag="500">
          <marc:subfield code="a">Includes selections from the Bible in English and Hebrew.</marc:subfield>
          </marc:datafield>
          <marc:datafield ind1=" " ind2=" " tag="504">
          <marc:subfield code="a">Bibliography: p. 277-282.</marc:subfield>
          </marc:datafield>
          <marc:datafield ind1="0" ind2="0" tag="630">
          <marc:subfield code="a">Bible.</marc:subfield>
          <marc:subfield code="p">O.T.</marc:subfield>
          <marc:subfield code="x">History of Biblical events.</marc:subfield>
          </marc:datafield>
          <marc:datafield ind1="0" ind2="2" tag="730">
          <marc:subfield code="a">Bible.</marc:subfield>
          <marc:subfield code="p">O.T.</marc:subfield>
          <marc:subfield code="l">English.</marc:subfield>
          <marc:subfield code="k">Selections.</marc:subfield>
          <marc:subfield code="f">1972.</marc:subfield>
          </marc:datafield>
          <marc:datafield ind1="0" ind2="2" tag="730">
          <marc:subfield code="a">Bible.</marc:subfield>
          <marc:subfield code="p">O.T.</marc:subfield>
          <marc:subfield code="l">Hebrew.</marc:subfield>
          <marc:subfield code="k">Selections.</marc:subfield>
          <marc:subfield code="f">1972.</marc:subfield>
          </marc:datafield>
          <marc:datafield ind1=" " ind2=" " tag="911">
          <marc:subfield code="a">p</marc:subfield>
          </marc:datafield>
          <marc:datafield ind1=" " ind2=" " tag="966">
          <marc:subfield code="l">Stack </marc:subfield>
          <marc:subfield code="m">RMON  </marc:subfield>
          <marc:subfield code="s">BS1197 .O74</marc:subfield>
          <marc:subfield code="b">39087001369059</marc:subfield>
          </marc:datafield>
          <marc:datafield ind1=" " ind2=" " tag="966">
          <marc:subfield code="l">GenStk</marc:subfield>
          <marc:subfield code="m">DIVMTH</marc:subfield>
          <marc:subfield code="s">BS1197 .O74</marc:subfield>
          </marc:datafield>
          <marc:datafield ind1=" " ind2=" " tag="931">
          <marc:subfield code="a">Text</marc:subfield>
          <marc:subfield code="5">NRU</marc:subfield>
          </marc:datafield>
          <marc:datafield ind1=" " ind2=" " tag="932">
          <marc:subfield code="a">Language material</marc:subfield>
          <marc:subfield code="5">NRU</marc:subfield>
          </marc:datafield>
          <marc:datafield ind1=" " ind2=" " tag="933">
          <marc:subfield code="a">Text</marc:subfield>
          <marc:subfield code="5">NRU</marc:subfield>
          </marc:datafield>
          <marc:datafield ind1=" " ind2=" " tag="935">
          <marc:subfield code="a">Monograph/Item</marc:subfield>
          <marc:subfield code="5">NRU</marc:subfield>
          </marc:datafield>
          <marc:datafield ind1=" " ind2=" " tag="035">
          <marc:subfield code="a">(NRU)75</marc:subfield>
          </marc:datafield>
          <marc:datafield ind1=" " ind2=" " tag="937">
          <marc:subfield code="a">Non-Fiction</marc:subfield>
          <marc:subfield code="5">NRU</marc:subfield>
          </marc:datafield>
          <marc:datafield ind1=" " ind2=" " tag="941">
          <marc:subfield code="a">eng</marc:subfield>
          <marc:subfield code="5">NRU</marc:subfield>
          </marc:datafield>
          <marc:datafield ind1=" " ind2=" " tag="941">
          <marc:subfield code="a">heb</marc:subfield>
          <marc:subfield code="5">NRU</marc:subfield>
          </marc:datafield>
          <marc:datafield ind1=" " ind2=" " tag="943">
          <marc:subfield code="a">English</marc:subfield>
          <marc:subfield code="5">NRU</marc:subfield>
          </marc:datafield>
          <marc:datafield ind1=" " ind2=" " tag="943">
          <marc:subfield code="a">Hebrew</marc:subfield>
          <marc:subfield code="5">NRU</marc:subfield>
          </marc:datafield>
          <marc:datafield ind1=" " ind2=" " tag="947">
          <marc:subfield code="a">087068096X</marc:subfield>
          <marc:subfield code="5">NRU</marc:subfield>
          </marc:datafield>
          <marc:datafield ind1="0" ind2="0" tag="240">
          <marc:subfield code="a">Understanding the Bible through history and archaeology</marc:subfield>
          </marc:datafield>
          <marc:datafield ind1="0" ind2="0" tag="965">
          <marc:subfield code="a">Bible.</marc:subfield>
          <marc:subfield code="p">O.T.</marc:subfield>
          <marc:subfield code="5">NRU</marc:subfield>
          </marc:datafield>
          <marc:datafield ind1="0" ind2="0" tag="965">
          <marc:subfield code="x">History of Biblical events.</marc:subfield>
          <marc:subfield code="5">NRU</marc:subfield>
          </marc:datafield>
        </marc:record>
      </metadata>
    </record>
  </ListRecords>
</OAI-PMH>
